@mastersthesis{Lima_Thesis,
	title = {Automatic Multiscale Meshing for Three-Dimensional Discrete Fracture Networks},
	author = {Lima, Pedro},
	year = 2021,
	school = {Universidade Estadual de Campinas}
}